@INBOOK {cholesky,
    author  = "Duc Nguyen",
    maintitle   = "Cholesky and LDLt Decomposition",
    chapter = "04.11",
    year    = "2010",
    month   = 7
}
@BOOK {burden&faires,
    author    = {Richard L. Burden and J. Douglas Faires}, 
    title     = "Numerical Analysis",
    publisher = "Cengage Learning",
    year      = "2010",
    edition   = "ninth edition"
}
@ARTICLE {cpprandom,
    author  = "Walter E. Brown",
    title   = "Random Number Generation in C++11",
    journal = "Programming Language C++",
    year    = "2013",
    month   = 3,
    note    = "\url{https://isocpp.org/files/papers/n3551.pdf}"
}
@ONLINE {mersenne,
    title = "Pseudo Random Number Generation | std::mersenne\_twister\_engine",
    note   = "\url{https://en.cppreference.com/w/cpp/numeric/random/mersenne_twister_engine}. Acessado em 28/06/2020"
}
@ONLINE {clock,
    title = "Date and time utilities | std::chrono::high\_resolution\_clock",
    note   = "\url{https://en.cppreference.com/w/cpp/chrono/high_resolution_clock}. Acessado em 28/06/2020"
}
@MISC {moment,
    author = "Weisstein, Eric W.",
    title  = "Moment",
    note   = "From MathWorld--A Wolfram Web Resource. \url{https://mathworld.wolfram.com/Moment.html}"
}